% Encoding: UTF-8

@Misc{dgs,
 title = {Дьяконов, В. П. Генерация и генераторы сигналов. Москва : ДМК Пресс, 2009. – 384 с.}
}
 
@Misc{is1,
 title = {Хоровиц, П. Искусство схемотехники / П. Хоровиц, У. Хилл ; П. Хоровиц, У. Хилл; Пер. с англ. Б.Н. Бронина [и др.]. – 6. изд.. – Москва : Мир, 2003. – 704 с.}
}

@Misc{metr,
 title = {Аминев, А. В. Основы радиоэлектроники: измерения в телекоммуникационных системах : Учебное пособие / А. В. Аминев, А. В. Блохин. – 1-е изд.. – Москва : Издательство Юрайт, 2018. – 223 с.}
}

@Misc{cordic,
 title = {Беспалов, Н. Н. Применение итерационного метода CORDIC для реализации алгоритма трёхфазного генератора / Н. Н. Беспалов, А. В. Волков, А. Д. Ваничкин // Научно-технический вестник Поволжья. – 2020. – № 7. – С. 43-46.}
}

@Misc{dds,
 title = {Мерфи, Е. Прямой цифровой синтез DDS в тестовом, измерительном и коммуникацинном оборудовании / Е. Мерфи, К. Слэттери, А. Власенко // Компоненты и технологии. – 2006. – № 8(61). – С. 52-55.}
}

@Misc{dds_en,
 title = {Vankka J., Halonen K. A. I. Direct digital synthesizers: theory, design and applications. – Springer Science \& Business Media, 2001. – Т. 614.}
}

@Misc{leso,
title = {Исследование способов генерации сигналов  [Электронный ресурс] Лаборатория Электронных Средств Обучения (ЛЭСО) СибГУТИ. Режим доступа: \url{http://www.labfor.ru/guidance/fpga-dsp/dds}.},
 urldate = {2024-30-04}
}

@Misc{cube,
title = {STM32CubeIDE [Электронный ресурс] Официальный сайт STMicro-

electronics. Режим доступа: \url{https://www.st.com/en/development-tools/stm32cubeide.html}.},
 urldate = {2024-30-04}
}

@Misc{hal,
title = {Description of STM32F1 HAL and low-layer drivers [Электронный ресурс] Официальный сайт STMicroelectronics. Режим доступа: \url{https://www.st.com/resource/en/user_manual/um1850-description-of-stm32f1-hal-and-lowlayer-drivers-stmicroelectronics.pdf}.},
 urldate = {2024-30-04}
}

@Misc{plio,
title = {PlatformIO [Электронный ресурс] Официальный сайт PlatformIO. Режим доступа: \url{https://platformio.org/}.},
 urldate = {2024-30-04}
}

@Misc{docsplio,
title = {Docs PlatformIO [Электронный ресурс] Официальный сайт PlatformIO. Режим доступа: \url{https://docs.platformio.org/en/latest/integration/ide/pioide.html\#platformio-for-vscode}.},
 urldate = {2024-30-04}
}

@Misc{lcm3,
title = {LibOpenCM3 [Электронный ресурс] Официальный сайт LibOpenCM3. Режим доступа: \url{https://libopencm3.org/}.},
 urldate = {2024-30-04}
}

@Misc{lut,
title = {Генератор сигналов для DAC. [Электронный ресурс] PROGCONT.RU. Режим доступа: \url{https://progcont.ru/?articles=54&category_articles=ALL}.},
 urldate = {2024-30-04}
}

@Misc{avr,
 title = {Евстифеев, А. В. Микроконтроллеры AVR семейств Tiny и Mega фирмы "ATMEL" / А. В. Евстифеев ; А.В. Евстифеев. – Москва : Додэка-XXI, 2004. – 558 с. – (Мировая электроника).}
}

@Misc{avrstm,
 title = {Мокринский, А. А. Микроконтроллеры AVR и STM32 / А. А. Мокринский, А. К. Бойцов // Информационные системы и технологии: теория и практика : Cборник научных трудов / Отв. редактор М.Р. Вагизов. Том Выпуск 15. – Санкт-Петербург : Санкт-Петербургский государственный лесотехнический университет имени С.М. Кирова, 2023. – С. 120-125.}
}

@Misc{stm,
 title = {Конченков, В. И. Семейство микроконтроллеров STM32. Программирование и применение : учебное пособие / В. И. Конченков, В. Н. Скакунов. – Волгоград : Волгоградский государственный технический университет, 2015. – 78 с.}
}

@Misc{butres,
 title = {Шаталов, Д. А. Применение подтягивающих и заземляющих резисторов при проектировании цифровых устройств / Д. А. Шаталов, В. Е. Драч // Новая наука: От идеи к результату. – 2016. – № 3-1(72). – С. 28-31.}
}

@Misc{schemat,
 title = {Угрюмов Е. П. Цифровая схемотехника: учебное пособие для вузов. 2 е издание //СПб.: БХВ-Петербург. – 2005. – С. 634.}
}

@Misc{f103,
title = {Datasheet - STM32F103xC, STM32F103xD, STM32F103xE. [Электронный ресурс] Официальный сайт STMicroelectronics. Режим доступа: \url{https://www.st.com/resource/en/datasheet/stm32f103rc.pdf}.},
 urldate = {2024-30-04}
}

@Misc{l1010f4,
title = {Datasheet - STM32L010F4, STM32L010K4. [Электронный ресурс] Официальный сайт STMicroelectronics. Режим доступа: \url{https://www.st.com/resource/en/datasheet/stm32l010f4.pdf}.},
 urldate = {2024-30-04}
}

@Misc{atmega32,
title = {Datasheet - ATmega32/L. [Электронный ресурс] Официальный сайт Microchip. Режим доступа: \url{https://ww1.microchip.com/downloads/en/DeviceDoc/doc2503.pdf}.},
 urldate = {2024-30-04}
}

@Misc{attiny10,
title = {Datasheet - ATtiny4 / ATtiny5 / ATtiny9 / ATtiny10. [Электронный ресурс] Официальный сайт Microchip. Режим доступа: \url{https://ww1.microchip.com/downloads/en/DeviceDoc/atmel-8127-avr-8-bit-microcontroller-attiny4-attiny5-attiny9-attiny10_datasheet.pdf}.},
 urldate = {2024-30-04}
}

@Misc{an3126,
title = {Audio and waveform generation using the DAC
in STM32 products. [Электронный ресурс] Официальный сайт STMicroelectronics. Режим доступа: \url{https://www.st.com/resource/en/application_note/an3126-audio-and-waveform-generation-using-the-dac-in-stm32-products-stmicroelectronics.pdf}.},
 urldate = {2024-30-04}
}

@Misc{tim,
title = {STM32: тактирование таймеров от APB1 и APB2. [Электронный ресурс] Microsin --- заметки радиолюбителя. Режим доступа: \url{https://microsin.net/programming/arm/stm32-timers-clocked-from-internal-clock-frequency-apb1-i-apb2.html}.},
 urldate = {2024-30-04}
}

@Misc{libdisp,
title = {ssd1306\_libopencm3. [Электронный ресурс] GitHub репозиторий. Режим доступа: \url{https://github.com/StanislavLakhtin/ssd1306_libopencm3/tree/master}.},
 urldate = {2024-30-04}
}

@Misc{czssd1306,
title = {STM32F103C8 без HAL и SPL: Работа с монохромными дисплеями STE2007 и SSD1306. [Электронный ресурс] CountZero: Technology, Electronics, Algorithms. Режим доступа: \url{https://count-zero.ru/2023/ste2007/}.},
 urldate = {2024-30-04}
}

@Misc{aktakom,
title = {AWG-4112 Генератор сигналов специальной формы. [Электронный ресурс] Официальный сайт АКТАКОМ. Режим доступа: \url{https://www.aktakom.ru/kio/index.php?SECTION_ID=2087&ELEMENT_ID=11289154}.},
 urldate = {2024-30-04}
}

@Misc{syntdds,
 title = {Мерфи, Е. Всё о синтезаторах DDS / Е. Мерфи, А. Власенко // Компоненты и технологии. – 2005. – № 1(45). – С. 28-32.}
}

@Misc{ad9833,
title = {Datasheet - AD9833. [Электронный ресурс] Официальный сайт Аnalog Devices. Режим доступа: \url{https://www.analog.com/media/en/technical-documentation/data-sheets/ad9833.pdf}.},
 urldate = {2024-30-04}
}


%https://studiovsemoe.com/book_part1_STM32.html про кварц

@Comment{jabref-meta: databaseType:biblatex;}
